
@article{Farabet:2013:LHF:2498740.2498895,
 author = {Farabet, Clement and Couprie, Camille and Najman, Laurent and LeCun, Yann},
 title = {Learning Hierarchical Features for Scene Labeling},
 journal = {IEEE Trans. Pattern Anal. Mach. Intell.},
 issue_date = {August 2013},
 volume = {35},
 number = {8},
 month = aug,
 year = {2013},
 issn = {0162-8828},
 pages = {1915--1929},
 numpages = {15},
 url = {http://dx.doi.org/10.1109/TPAMI.2012.231},
 doi = {10.1109/TPAMI.2012.231},
 acmid = {2498895},
 publisher = {IEEE Computer Society},
 address = {Washington, DC, USA},
 keywords = {Feature extraction,Image segmentation,Labeling,Vectors,Context,Image edge detection,Accuracy,scene parsing,Convolutional networks,deep learning,image segmentation,image classification},
} 

@article{DBLP:journals/corr/abs-1301-3572,
  author    = {Camille Couprie and
               Cl{\'{e}}ment Farabet and
               Laurent Najman and
               Yann LeCun},
  title     = {Indoor Semantic Segmentation using depth information},
  journal   = {CoRR},
  volume    = {abs/1301.3572},
  year      = {2013},
  url       = {http://arxiv.org/abs/1301.3572},
  archivePrefix = {arXiv},
  eprint    = {1301.3572},
  timestamp = {Mon, 13 Aug 2018 16:48:30 +0200},
  biburl    = {https://dblp.org/rec/bib/journals/corr/abs-1301-3572},
  bibsource = {dblp computer science bibliography, https://dblp.org}
}

@inproceedings{Krizhevsky:2012:ICD:2999134.2999257,
 author = {Krizhevsky, Alex and Sutskever, Ilya and Hinton, Geoffrey E.},
 title = {ImageNet Classification with Deep Convolutional Neural Networks},
 booktitle = {Proceedings of the 25th International Conference on Neural Information Processing Systems - Volume 1},
 series = {NIPS'12},
 year = {2012},
 location = {Lake Tahoe, Nevada},
 pages = {1097--1105},
 numpages = {9},
 url = {http://dl.acm.org/citation.cfm?id=2999134.2999257},
 acmid = {2999257},
 publisher = {Curran Associates Inc.},
 address = {USA},
} 

@article{DBLP:journals/corr/SimonyanVZ13,
  author    = {Karen Simonyan and
               Andrea Vedaldi and
               Andrew Zisserman},
  title     = {Deep Inside Convolutional Networks: Visualising Image Classification
               Models and Saliency Maps},
  journal   = {CoRR},
  volume    = {abs/1312.6034},
  year      = {2013},
  url       = {http://arxiv.org/abs/1312.6034},
  archivePrefix = {arXiv},
  eprint    = {1312.6034},
  timestamp = {Mon, 13 Aug 2018 16:49:09 +0200},
  biburl    = {https://dblp.org/rec/bib/journals/corr/SimonyanVZ13},
  bibsource = {dblp computer science bibliography, https://dblp.org}
}

@article{DBLP:journals/corr/SzegedyLJSRAEVR14,
  author    = {Christian Szegedy and
               Wei Liu and
               Yangqing Jia and
               Pierre Sermanet and
               Scott E. Reed and
               Dragomir Anguelov and
               Dumitru Erhan and
               Vincent Vanhoucke and
               Andrew Rabinovich},
  title     = {Going Deeper with Convolutions},
  journal   = {CoRR},
  volume    = {abs/1409.4842},
  year      = {2014},
  url       = {http://arxiv.org/abs/1409.4842},
  archivePrefix = {arXiv},
  eprint    = {1409.4842},
  timestamp = {Mon, 13 Aug 2018 16:48:52 +0200},
  biburl    = {https://dblp.org/rec/bib/journals/corr/SzegedyLJSRAEVR14},
  bibsource = {dblp computer science bibliography, https://dblp.org}
}

@article{DBLP:journals/corr/HeZRS15,
  author    = {Kaiming He and
               Xiangyu Zhang and
               Shaoqing Ren and
               Jian Sun},
  title     = {Deep Residual Learning for Image Recognition},
  journal   = {CoRR},
  volume    = {abs/1512.03385},
  year      = {2015},
  url       = {http://arxiv.org/abs/1512.03385},
  archivePrefix = {arXiv},
  eprint    = {1512.03385},
  timestamp = {Mon, 13 Aug 2018 16:46:56 +0200},
  biburl    = {https://dblp.org/rec/bib/journals/corr/HeZRS15},
  bibsource = {dblp computer science bibliography, https://dblp.org}
}

@article{DBLP:journals/corr/HuangLW16a,
  author    = {Gao Huang and
               Zhuang Liu and
               Kilian Q. Weinberger},
  title     = {Densely Connected Convolutional Networks},
  journal   = {CoRR},
  volume    = {abs/1608.06993},
  year      = {2016},
  url       = {http://arxiv.org/abs/1608.06993},
  archivePrefix = {arXiv},
  eprint    = {1608.06993},
  timestamp = {Mon, 10 Sep 2018 15:49:32 +0200},
  biburl    = {https://dblp.org/rec/bib/journals/corr/HuangLW16a},
  bibsource = {dblp computer science bibliography, https://dblp.org}
}

@article{DBLP:journals/corr/abs-1805-00932,
  author    = {Dhruv Mahajan and
               Ross B. Girshick and
               Vignesh Ramanathan and
               Kaiming He and
               Manohar Paluri and
               Yixuan Li and
               Ashwin Bharambe and
               Laurens van der Maaten},
  title     = {Exploring the Limits of Weakly Supervised Pretraining},
  journal   = {CoRR},
  volume    = {abs/1805.00932},
  year      = {2018},
  url       = {http://arxiv.org/abs/1805.00932},
  archivePrefix = {arXiv},
  eprint    = {1805.00932},
  timestamp = {Mon, 13 Aug 2018 16:46:07 +0200},
  biburl    = {https://dblp.org/rec/bib/journals/corr/abs-1805-00932},
  bibsource = {dblp computer science bibliography, https://dblp.org}
}

@inproceedings{Chopra:2005:LSM:1068507.1068961,
 author = {Chopra, Sumit and Hadsell, Raia and LeCun, Yann},
 title = {Learning a Similarity Metric Discriminatively, with Application to Face Verification},
 booktitle = {Proceedings of the 2005 IEEE Computer Society Conference on Computer Vision and Pattern Recognition (CVPR'05) - Volume 1 - Volume 01},
 series = {CVPR '05},
 year = {2005},
 isbn = {0-7695-2372-2},
 pages = {539--546},
 numpages = {8},
 url = {http://dx.doi.org/10.1109/CVPR.2005.202},
 doi = {10.1109/CVPR.2005.202},
 acmid = {1068961},
 publisher = {IEEE Computer Society},
 address = {Washington, DC, USA},
} 

@inproceedings { hadsell-chopra-lecun-06,
original = "orig/hadsell-chopra-lecun-06.pdf",
author = "Hadsell, Raia and Chopra, Sumit and LeCun, Yann",
title = "Dimensionality Reduction by Learning an Invariant Mapping",
booktitle = "Proc. Computer Vision and Pattern Recognition Conference (CVPR'06)",
publisher = "IEEE Press",
year = 2006,
note = "<a href='http://youtu.be/jcREIboRkn0'>Video</a>"
}

@article{DBLP:journals/corr/GirshickDDM13,
  author    = {Ross B. Girshick and
               Jeff Donahue and
               Trevor Darrell and
               Jitendra Malik},
  title     = {Rich feature hierarchies for accurate object detection and semantic
               segmentation},
  journal   = {CoRR},
  volume    = {abs/1311.2524},
  year      = {2013},
  url       = {http://arxiv.org/abs/1311.2524},
  archivePrefix = {arXiv},
  eprint    = {1311.2524},
  timestamp = {Mon, 13 Aug 2018 16:48:09 +0200},
  biburl    = {https://dblp.org/rec/bib/journals/corr/GirshickDDM13},
  bibsource = {dblp computer science bibliography, https://dblp.org}
}

@article{DBLP:journals/corr/RedmonDGF15,
  author    = {Joseph Redmon and
               Santosh Kumar Divvala and
               Ross B. Girshick and
               Ali Farhadi},
  title     = {You Only Look Once: Unified, Real-Time Object Detection},
  journal   = {CoRR},
  volume    = {abs/1506.02640},
  year      = {2015},
  url       = {http://arxiv.org/abs/1506.02640},
  archivePrefix = {arXiv},
  eprint    = {1506.02640},
  timestamp = {Mon, 13 Aug 2018 16:48:08 +0200},
  biburl    = {https://dblp.org/rec/bib/journals/corr/RedmonDGF15},
  bibsource = {dblp computer science bibliography, https://dblp.org}
}

@article{DBLP:journals/corr/PinheiroCD15,
  author    = {Pedro H. O. Pinheiro and
               Ronan Collobert and
               Piotr Doll{\'{a}}r},
  title     = {Learning to Segment Object Candidates},
  journal   = {CoRR},
  volume    = {abs/1506.06204},
  year      = {2015},
  url       = {http://arxiv.org/abs/1506.06204},
  archivePrefix = {arXiv},
  eprint    = {1506.06204},
  timestamp = {Mon, 13 Aug 2018 16:49:08 +0200},
  biburl    = {https://dblp.org/rec/bib/journals/corr/PinheiroCD15},
  bibsource = {dblp computer science bibliography, https://dblp.org}
}

@article{DBLP:journals/corr/HeGDG17,
  author    = {Kaiming He and
               Georgia Gkioxari and
               Piotr Doll{\'{a}}r and
               Ross B. Girshick},
  title     = {Mask {R-CNN}},
  journal   = {CoRR},
  volume    = {abs/1703.06870},
  year      = {2017},
  url       = {http://arxiv.org/abs/1703.06870},
  archivePrefix = {arXiv},
  eprint    = {1703.06870},
  timestamp = {Mon, 13 Aug 2018 16:46:36 +0200},
  biburl    = {https://dblp.org/rec/bib/journals/corr/HeGDG17},
  bibsource = {dblp computer science bibliography, https://dblp.org}
}

@article{DBLP:journals/corr/abs-1708-02002,
  author    = {Tsung{-}Yi Lin and
               Priya Goyal and
               Ross B. Girshick and
               Kaiming He and
               Piotr Doll{\'{a}}r},
  title     = {Focal Loss for Dense Object Detection},
  journal   = {CoRR},
  volume    = {abs/1708.02002},
  year      = {2017},
  url       = {http://arxiv.org/abs/1708.02002},
  archivePrefix = {arXiv},
  eprint    = {1708.02002},
  timestamp = {Mon, 13 Aug 2018 16:46:12 +0200},
  biburl    = {https://dblp.org/rec/bib/journals/corr/abs-1708-02002},
  bibsource = {dblp computer science bibliography, https://dblp.org}
}

@article{DBLP:journals/corr/abs-1809-01995,
  author    = {Natalia Neverova and
               Riza Alp G{\"{u}}ler and
               Iasonas Kokkinos},
  title     = {Dense Pose Transfer},
  journal   = {CoRR},
  volume    = {abs/1809.01995},
  year      = {2018},
  url       = {http://arxiv.org/abs/1809.01995},
  archivePrefix = {arXiv},
  eprint    = {1809.01995},
  timestamp = {Fri, 05 Oct 2018 11:34:52 +0200},
  biburl    = {https://dblp.org/rec/bib/journals/corr/abs-1809-01995},
  bibsource = {dblp computer science bibliography, https://dblp.org}
}


@online{1211.5063,
Author = {Razvan Pascanu and Tomas Mikolov and Yoshua Bengio},
Title = {On the difficulty of training Recurrent Neural Networks},
Year = {2012},
Eprint = {1211.5063},
Eprinttype = {arXiv},
}

@online{1406.1078,
Author = {Kyunghyun Cho and Bart van Merrienboer and Caglar Gulcehre and Dzmitry Bahdanau and Fethi Bougares and Holger Schwenk and Yoshua Bengio},
Title = {Learning Phrase Representations using RNN Encoder-Decoder for Statistical Machine Translation},
Year = {2014},
Eprint = {1406.1078},
Eprinttype = {arXiv},
}


@article{article-lstm,
author = {Hochreiter, Sepp and Schmidhuber, Jürgen},
year = {1997},
month = {12},
pages = {1735-80},
title = {Long Short-term Memory},
volume = {9},
journal = {Neural computation},
doi = {10.1162/neco.1997.9.8.1735}
}