@article{kavukcuoglu2010fast,
  title={Fast inference in sparse coding algorithms with applications to object recognition},
  author={Kavukcuoglu, Koray and Ranzato, Marc'Aurelio and LeCun, Yann},
  journal={arXiv preprint arXiv:1010.3467},
  year={2010}
}
@article{olshausen1997sparse,
  title={Sparse coding with an overcomplete basis set: A strategy employed by V1?},
  author={Olshausen, Bruno A and Field, David J},
  journal={Vision research},
  volume={37},
  number={23},
  pages={3311--3325},
  year={1997},
  publisher={Elsevier}
}
@inproceedings{gregor2010learning,
  title={Learning fast approximations of sparse coding},
  author={Gregor, Karol and LeCun, Yann},
  booktitle={Proceedings of the 27th International Conference on International Conference on Machine Learning},
  pages={399--406},
  year={2010},
  organization={Omnipress}
}